@article{immorlica2019verifying,
  title={Verifying Identity as a Social Intersection},
  author={Immorlica, Nicole and Jackson, Matthew O and Weyl, E Glen},
  journal={Available at SSRN},
  year={2019}
}

@article{UmassSybilSurvey,
author = {Levine, Brian and Shields, Clay and Margolin, N},
year = {2005},
month = {11},
pages = {},
title = {A Survey of Solutions to the Sybil attack},
volume = {2006–052},
journal = {Technical Report of Univ of Massachussets Amherst}
}

@misc{blackwell_ROP, 
title={The Blackwell Encyclopedia of Sociology}, 
journal={The Blackwell Encyclopedia of Sociology}, 
publisher={Blackwell Publishing Ltd.}, 
author={Tzanelli, Rodanthi}, 
year={2007}, 
pages={3940–-3941},
isbn={9781405165518}
} 

@book{guha2011routledge,
  editor={Alan Barnard and Jonathan Spencer},
  title={The Routledge Encyclopedia of Social and Cultural Anthropology, Second Edition},
  year={2010},
  publisher={Emerald Group Publishing Limited},
  pages={616--617},
  isbn={0-203-86647-9}
}

@article{klandermans1987potentials,
  title={Potentials, networks, motivations, and barriers: Steps towards participation in social movements},
  author={Klandermans, Bert and Oegema, Dirk},
  journal={American sociological review},
  pages={519--531},
  year={1987},
  publisher={JSTOR}
}

@article{pasqualetti2011social,
  title={Social barriers to renewable energy landscapes},
  author={Pasqualetti, Martin J},
  journal={Geographical Review},
  volume={101},
  number={2},
  pages={201--223},
  year={2011},
  publisher={Wiley Online Library}
}

@article{cutts2009city,
  title={City structure, obesity, and environmental justice: an integrated analysis of physical and social barriers to walkable streets and park access},
  author={Cutts, Bethany B and Darby, Kate J and Boone, Christopher G and Brewis, Alexandra},
  journal={Social science \& medicine},
  volume={69},
  number={9},
  pages={1314--1322},
  year={2009},
  publisher={Elsevier}
}

@article{woolcock2000removing,
  title={Removing Social Barriers and Building Social Institutions},
  author={Woolcock, Michael},
  journal={World Development Report},
  volume={2001},
  year={2000}
}


@article{morris2002schmooze,
  title={Schmooze or lose: Social friction and lubrication in e-mail negotiations.},
  author={Morris, Michael and Nadler, Janice and Kurtzberg, Terri and Thompson, Leigh},
  journal={Group Dynamics: Theory, Research, and Practice},
  volume={6},
  number={1},
  pages={89},
  year={2002},
  publisher={Educational Publishing Foundation}
}

@book{bechmann2014ubiquitous,
   title={The ubiquitous internet: user and industry perspectives},
   author={Bechmann, Anja and Lomborg, Stine},
   year={2014},
   publisher={Routledge},
   isbn={9781317931393},
   url={https://books.google.com/books/about/The_Ubiquitous_Internet.html?id=-VZWBQAAQBAJ}
}


@article{al2017sybil,
  title={Sybil defense techniques in online social networks: a survey},
  author={Al-Qurishi, Muhammad and Al-Rakhami, Mabrook and Alamri, Atif and Alrubaian, Majed and Rahman, Sk Md Mizanur and Hossain, M Shamim},
  journal={IEEE Access},
  volume={5},
  pages={1200--1219},
  year={2017},
  publisher={IEEE}
}

@book{lessig2002future,
  title={The Future of Ideas: The Fate of the Commons in a Connected World},
  author={Lessig, L.},
  isbn={9781400033317},
  series={Vintage},
  url={https://books.google.com/books?id=dWf-p2SkGQ8C},
  year={2002},
  publisher={Knopf Doubleday Publishing Group}
}

%%% section of currently unused citations begins here

@INPROCEEDINGS{Wei2012sybildefender,  
author={ {Wei Wei} and  {Fengyuan Xu} and C. C. {Tan} and  {Qun Li}},  booktitle={2012 Proceedings IEEE INFOCOM},   title={SybilDefender: Defend against sybil attacks in large social networks},   year={2012},  volume={},  number={},  pages={1951-1959},}

@inproceedings{boshmaf2015integro,
  title={Integro: Leveraging Victim Prediction for Robust Fake Account Detection in OSNs.},
  author={Boshmaf, Yazan and Logothetis, Dionysios and Siganos, Georgos and Ler{\'\i}a, Jorge and Lorenzo, Jose and Ripeanu, Matei and Beznosov, Konstantin},
  booktitle={NDSS},
  volume={15},
  pages={8--11},
  year={2015}
}

@article{cao2013sybilfence,
  title={SybilFence: Improving social-graph-based sybil defenses with user negative feedback},
  author={Cao, Qiang and Yang, Xiaowei},
  journal={arXiv preprint arXiv:1304.3819},
  year={2013}
}

@inproceedings{cao2012aiding,
  title={Aiding the detection of fake accounts in large scale social online services},
  author={Cao, Qiang and Sirivianos, Michael and Yang, Xiaowei and Pregueiro, Tiago},
  booktitle={Presented as part of the 9th $\{$USENIX$\}$ Symposium on Networked Systems Design and Implementation ($\{$NSDI$\}$ 12)},
  pages={197--210},
  year={2012}
}

@inproceedings{shi2013sybilshield,
  title={Sybilshield: An agent-aided social network-based sybil defense among multiple communities},
  author={Shi, Lu and Yu, Shucheng and Lou, Wenjing and Hou, Y Thomas},
  booktitle={2013 Proceedings IEEE INFOCOM},
  pages={1034--1042},
  year={2013},
  organization={IEEE}
}

@inproceedings{danezis2009sybilinfer,
  title={Sybilinfer: Detecting sybil nodes using social networks.},
  author={Danezis, George and Mittal, Prateek},
  booktitle={NDSS},
  pages={1--15},
  year={2009},
  organization={San Diego, CA}
}

@article{wang2012social,
  title={Social turing tests: Crowdsourcing sybil detection},
  author={Wang, Gang and Mohanlal, Manish and Wilson, Christo and Wang, Xiao and Metzger, Miriam and Zheng, Haitao and Zhao, Ben Y},
  journal={arXiv preprint arXiv:1205.3856},
  year={2012}
}

@inproceedings{varol2017online,
  title={Online human-bot interactions: Detection, estimation, and characterization},
  author={Varol, Onur and Ferrara, Emilio and Davis, Clayton A and Menczer, Filippo and Flammini, Alessandro},
  booktitle={Eleventh international AAAI conference on web and social media},
  year={2017}
}

%%% unused citations end here

@article{yu2006sybilguard,
author = {Yu, Haifeng and Kaminsky, Michael and Gibbons, Phillip B. and Flaxman, Abraham D.},
title = {SybilGuard: Defending against Sybil Attacks via Social Networks},
year = {2008},
issue_date = {June 2008},
publisher = {IEEE Press},
volume = {16},
number = {3},
issn = {1063-6692},
url = {https://doi.org/10.1109/TNET.2008.923723},
doi = {10.1109/TNET.2008.923723},
journal = {IEEE/ACM Trans. Netw.},
month = jun,
pages = {576–589},
numpages = {14},
keywords = {sybil attack, social networks, sybil identity, SybilGuard}
}
  


@article{yu2008sybillimit,
author={H. {Yu} and P. B. {Gibbons} and M. {Kaminsky} and F. {Xiao}},
journal={IEEE/ACM Transactions on Networking},
title={SybilLimit: A Near-Optimal Social Network Defense Against Sybil Attacks},
year={2010},
volume={18},
number={3},
pages={885-898},
}

@INPROCEEDINGS{Tran2011Gatekeeper,  
author={N. {Tran} and J. {Li} and L. {Subramanian} and S. S. M. {Chow}},  booktitle={2011 Proceedings IEEE INFOCOM},   title={Optimal Sybil-resilient node admission control},   year={2011},  volume={},  number={},  pages={3218-3226},}

@article{yang2014uncovering,
author = {Yang, Zhi and Wilson, Christo and Wang, Xiao and Gao, Tingting and Zhao, Ben Y. and Dai, Yafei},
title = {Uncovering Social Network Sybils in the Wild},
year = {2014},
issue_date = {February 2014},
publisher = {Association for Computing Machinery},
address = {New York, NY, USA},
volume = {8},
number = {1},
issn = {1556-4681},
url = {https://doi.org/10.1145/2556609},
doi = {10.1145/2556609},
journal = {ACM Trans. Knowl. Discov. Data},
month = feb,
articleno = {2},
numpages = {29},
keywords = {user behavior, Sybil attacks, Online social networks, measurement, spam}
}


@article{boshmaf2013design,
author = {Boshmaf, Yazan and Muslukhov, Ildar and Beznosov, Konstantin and Ripeanu, Matei},
title = {Design and Analysis of a Social Botnet},
year = {2013},
issue_date = {February, 2013},
publisher = {Elsevier North-Holland, Inc.},
address = {USA},
volume = {57},
number = {2},
issn = {1389-1286},
url = {https://doi.org/10.1016/j.comnet.2012.06.006},
doi = {10.1016/j.comnet.2012.06.006},
journal = {Comput. Netw.},
month = feb,
pages = {556–578},
numpages = {23},
keywords = {Social network security, Socialbots, Botnets, Online privacy, Online social networks, Automated social engineering}
}
  
@article{kramer2014experimental,
  title={Experimental evidence of massive-scale emotional contagion through social networks},
  author={Kramer, Adam DI and Guillory, Jamie E and Hancock, Jeffrey T},
  volume={111},
  number={24},
  pages={8788--8790},
  year={2014},
  publisher={National Acad Sciences},
  month = {06},
  journal = {Proceedings of the National Academy of Sciences of the United States of America},
  doi = {10.1073/pnas.1320040111}
}
  
}

@inproceedings{ratkiewicz2011truthy,
author = {Ratkiewicz, Jacob and Conover, Michael and Meiss, Mark and Gon\c{c}alves, Bruno and Patil, Snehal and Flammini, Alessandro and Menczer, Filippo},
title = {Truthy: Mapping the Spread of Astroturf in Microblog Streams},
year = {2011},
isbn = {9781450306379},
publisher = {Association for Computing Machinery},
address = {New York, NY, USA},
url = {https://doi.org/10.1145/1963192.1963301},
doi = {10.1145/1963192.1963301},
booktitle = {Proceedings of the 20th International Conference Companion on World Wide Web},
pages = {249–252},
numpages = {4},
keywords = {truthy, social media, politics, microblogs, memes, information diffusion, twitter, classification},
location = {Hyderabad, India},
series = {WWW ’11}
}
  

@inproceedings{wu2013detecting,
author={Wu, Xian and Feng, Ziming and Fan, Wei and Gao, Jing and Yu, Yong},
editor={Blockeel, Hendrik and Kersting, Kristian and Nijssen, Siegfried and {\v{Z}}elezn{\'y}, Filip},
title={Detecting Marionette Microblog Users for Improved Information Credibility},
booktitle={Machine Learning and Knowledge Discovery in Databases},
year={2013},
publisher={Springer Berlin Heidelberg},
address={Berlin, Heidelberg},
pages={483--498},
isbn={978-3-642-40994-3}
}


@article{messias2013you,
title={You followed my bot! Transforming robots into influential users in Twitter},
volume={18},
url={https://firstmonday.org/ojs/index.php/fm/article/view/4217},
DOI={10.5210/fm.v18i7.4217}, 
number={7}, 
journal={First Monday}, 
author={Messias, Johnnatan and Schmidt, Lucas and Oliveira, Ricardo and Benevenuto, Fabrício}, 
year={2013}, 
month={Jun.}
}

@inproceedings{lingam2018detection,
  title={Detection of social botnet using a trust model based on spam content in twitter network},
  author={Lingam, Greeshma and Rout, Rashmi Ranjan and Somayajulu, DVLN},
  booktitle={2018 IEEE 13th International Conference on Industrial and Information Systems (ICIIS)},
  pages={280--285},
  year={2018},
  organization={IEEE}
}


@article{trienes2018recommending,
  author    = {Jan Trienes and
               Andr{\'{e}}s Torres Cano and
               Djoerd Hiemstra},
  title     = {Recommending Users: Whom to Follow on Federated Social Networks},
  journal   = {CoRR},
  volume    = {abs/1811.09292},
  year      = {2018},
  url       = {http://arxiv.org/abs/1811.09292},
  archivePrefix = {arXiv},
  eprint    = {1811.09292},
  timestamp = {Fri, 30 Nov 2018 12:44:28 +0100},
  biburl    = {https://dblp.org/rec/journals/corr/abs-1811-09292.bib},
  bibsource = {dblp computer science bibliography, https://dblp.org}
}

@online{PewBotStudy,
    author={Pew Research Center},
    year={2018},
    month={October},
    title={Social Media Bots Draw Public's Attention and Concern},
    url={https://www.journalism.org/2018/10/15/social-media-bots-draw-publics-attention-and-concern/},
    lastaccessed={May 20, 2020}
}

@online{contact_tracing_spec,
    author={Apple, Inc.},
    year={2020},
    title={Privacy-Preserving Contract Tracing},
    url={https://www.apple.com/covid19/contacttracing},
    lastaccessed={May 22, 2020}
}

@online{NYT_opinion_chatbot,
    author={New York Times},
    year={2018},
    month={December},
    title={Chatbots Are a Danger to Democracy},
    url={https://www.nytimes.com/2018/12/04/opinion/chatbots-ai-democracy-free-speech.html?auth=login-email&login=email},
    lastaccessed={May 20, 2020}
}

@online{Quartz_twitterbotstory,
    title={Twitter has a serious bot problem, and Wikipedia might have the solution},
    author={Quartz},
    year={2017},
    month={October},
    url={https://qz.com/1108092/twitter-has-a-serious-bot-problem-and-wikipedia-might-have-the-solution/},
    lastaccessed={May 20, 2020}
}

@online{BBC_news_chatbot,
    author={BBC News},
    year={2017},
    month={June},
    title={Bots used to bias online political chats},
    url={https://www.bbc.com/news/technology-40344208},
    lastaccessed={May 20, 2020}
}

@online{BBC_news_fakenews,
    author={BBC News},
    year={2017},
    month={December},
    title={Pro-Indian 'fake websites targeted decision makers in Europe},
    url={https://www.bbc.com/news/world-asia-india-50749764},
    lastaccessed={May 20, 2020}
}

@online{AmericaInOneRoom,
    author={Stanford center for Deliberative Democracy},
    year={2019},
    title={America in One Room - CDD},
    url={https://cdd.stanford.edu/2019/america-in-one-room/},
    month={July},
    lastaccessed={May 17, 2020}
}

@online{Twitter2016BotReport,
    author={Twitter Public Policy},
    year={2018},
    month={January},
    title={Update on Twitter's review of the 2016 US election},
    url={https://blog.twitter.com/official/en_us/topics/company/2018/2016-election-update.html},
    lastaccessed={May 18, 2020}

}

@online{CambridgeAnalyticaNYT,
    author={The New York Times},
    year={2018},
    month={July},
    title={Cambridge Analytica and Facebook: The Scandal and the Fallout So Far},
    url={https://www.nytimes.com/2018/04/04/us/politics/cambridge-analytica-scandal-fallout.html},
    lastaccessed={May 17, 2020}
}

@online{indignadosBBC,
    author={BBC News},
    year={2012},
    month={May},
    title={Spain's Indignados protest here to stay},
    url={https://www.bbc.com/news/world-europe-18070246},
    lastaccessed={May 18, 2020}
}

@online{USAtoday_F8_keynote_sharequote,
    author={USA Today},
    year={2016},
    month={April},
    title={Facebook's Mark Zuckerberg steps into political fray},
    url={https://www.usatoday.com/story/tech/2016/04/12/zuckerbergs-10-year-plan-expand-facebook-empire/82936814/},
    lastaccessed={May 21, 2020}
}


@online{schneier_feudal,
	title = {Feudal Security - Schneier on Security},
  year = {2012},
  month = {December},
	url = {https://www.schneier.com/blog/archives/2012/12/feudal_sec.html},
	urldate = {2020-05-22}
}

@article{schneier_when_2012,
	title = {When It Comes to Security, We're Back to Feudalism},
	issn = {1059-1028},
	url = {https://www.wired.com/2012/11/feudal-security/},
	abstract = {Some of us have pledged our allegiance to Google, Apple, Microsoft, Amazon, or Facebook: These vendors are becoming our lords, and we are becoming their vassals. In this "feudal" model of computing, we give up a certain amount of control. But in exchange, we trust that our lords will both treat us well and protect us from harm...},
	journaltitle = {Wired},
	author = {{SCHNEIER}, {BRUCE}},
	urldate = {2020-05-22},
	date = {2012-11-26},
	keywords = {Amazon, apple, Facebook, google, microsoft, Microsoft, {WiredOpinion}}
}

@book{fishkin1991democracy,
 ISBN = {9780300051612},
 URL = {http://www.jstor.org/stable/j.ctt1dt006v},
 author = {James S. Fishkin},
 publisher = {Yale University Press},
 title = {Democracy and Deliberation: New Directions for Democratic Reform},
 year = {1991}
}

@book{benkler2018network,
  title={Network propaganda: Manipulation, disinformation, and radicalization in American politics},
  author={Benkler, Yochai and Faris, Robert and Roberts, Hal},
  year={2018},
  publisher={Oxford University Press},
  isbn={9780190923624},
  doi={10.1093/oso/9780190923624.001.0001}
}

@article{bradshaw2017troops,
  title={Troops, trolls and troublemakers: A global inventory of organized social media manipulation},
  author={Bradshaw, Samantha and Howard, Philip},
  year={2017},
  publisher={The Computational Propaganda Project, Oxford Internet Institute},
  journal={CompProp, OII, Working Paper},
  url={https://comprop.oii.ox.ac.uk/research/troops-trolls-and-trouble-makers-a-global-inventory-of-organized-social-media-manipulation/}
}

@article{bessi2016social,
title={Social bots distort the 2016 U.S. Presidential election online discussion}, 
volume={21}, 
url={https://firstmonday.org/ojs/index.php/fm/article/view/7090}, 
DOI={10.5210/fm.v21i11.7090},
number={11}, 
journal={First Monday}, 
author={Bessi, Alessandro and Ferrara, Emilio}, 
year={2016}, 
month={Nov.} 
}

@inproceedings{douceur2002sybil,
author={Douceur, John R.},
editor={Druschel, Peter and Kaashoek, Frans and Rowstron, Antony},
title={The Sybil Attack},
booktitle={Peer-to-Peer Systems},
year={2002},
publisher={Springer Berlin Heidelberg},
address={Berlin, Heidelberg},
pages={251--260},
isbn={978-3-540-45748-0}
}

@inproceedings{semaan2015designing,
author = {Semaan, Bryan and Faucett, Heather and Robertson, Scott P. and Maruyama, Misa and Douglas, Sara},
title = {Designing Political Deliberation Environments to Support Interactions in the Public Sphere},
year = {2015},
isbn = {9781450331456},
publisher = {Association for Computing Machinery},
address = {New York, NY, USA},
url = {https://doi.org/10.1145/2702123.2702403},
doi = {10.1145/2702123.2702403},
booktitle = {Proceedings of the 33rd Annual ACM Conference on Human Factors in Computing Systems},
pages = {3167–3176},
numpages = {10},
keywords = {social media, design, political deliberation, public sphere},
location = {Seoul, Republic of Korea},
series = {CHI ’15}
}
  

@book{shah2007participatory,
  title={Participatory budgeting},
  author={Shah, Anwar},
  year={2007},
  publisher={The World Bank},
  isbn={0-8213-6923-7}
}

@book{wampler2010participatory,
  title={Participatory budgeting in Brazil: Contestation, cooperation, and accountability},
  author={Wampler, Brian},
  year={2010},
  publisher={Penn State Press}
}

@article{de1998participatory,
  title={Participatory budgeting in Porto Alegre: toward a redistributive democracy},
  author={de Sousa Santos, Boaventura},
  journal={Politics \& society},
  volume={26},
  number={4},
  pages={461--510},
  year={1998},
  publisher={SAGE Publications, Inc.}
}

@article{cabannes2004participatory,
  title={Participatory budgeting: a significant contribution to participatory democracy},
  author={Cabannes, Yves},
  journal={Environment and urbanization},
  volume={16},
  number={1},
  pages={27--46},
  year={2004},
  publisher={Sage Publications Sage CA: Thousand Oaks, CA}
}

@article{goldreich1991proofs,
author = {Goldreich, Oded and Micali, Silvio and Wigderson, Avi},
title = {Proofs That Yield Nothing but Their Validity or All Languages in NP Have Zero-Knowledge Proof Systems},
year = {1991},
issue_date = {July 1991},
publisher = {Association for Computing Machinery},
address = {New York, NY, USA},
volume = {38},
number = {3},
issn = {0004-5411},
url = {https://doi.org/10.1145/116825.116852},
doi = {10.1145/116825.116852},
journal = {J. ACM},
month = jul,
pages = {690–728},
numpages = {39},
keywords = {cryptographic protocols, zero-knowledge, NP, proof systems, one-way functions, graph isomorphism, methodological design of protocols, interactive proofs, fault tolerant distributed computing}
}

@inproceedings{masden2014tensions,
author = {Masden, Christina A. and Grevet, Catherine and Grinter, Rebecca E. and Gilbert, Eric and Edwards, W. Keith},
title = {Tensions in Scaling-up Community Social Media: A Multi-Neighborhood Study of Nextdoor},
year = {2014},
isbn = {9781450324731},
publisher = {Association for Computing Machinery},
address = {New York, NY, USA},
url = {https://doi.org/10.1145/2556288.2557319},
doi = {10.1145/2556288.2557319},
booktitle = {Proceedings of the SIGCHI Conference on Human Factors in Computing Systems},
pages = {3239–3248},
numpages = {10},
keywords = {social media, nextdoor, local social media, civic engagement},
location = {Toronto, Ontario, Canada},
series = {CHI ’14}
}
  

@article{kurwa2019building,
  title={Building the Digitally Gated Community: The Case of Nextdoor},
  author={Kurwa, Rahim},
  journal={Surveillance \& Society},
  volume={17},
  number={1/2},
  pages={111--117},
  year={2019},
  url={https://doi.org/10.24908/ss.v17i1/2.12927}
}

@inproceedings{o2007virtual,
title={Virtual radicalisation: Challenges for police},
author={O'Rourke, Simon},
year={2007},
booktitle={8th Australian Information Warfare and Security Conference},
publisher={School of Computer and Infomation Science, Edith Cowan University, Perth},
url={https://ro.ecu.edu.au/isw/42},
doi={10.4225/75/57a83c57befab}
}

@article{Thompson2011radicalization,
 ISSN = {19440464, 19440472},
 URL = {http://www.jstor.org/stable/26463917},
 author = {Robin Thompson},
 journal = {Journal of Strategic Security},
 number = {4},
 pages = {167--190},
 publisher = {University of South Florida Board of Trustees},
 title = {Radicalization and the Use of Social Media},
 volume = {4},
 year = {2011}
}


@article{rone2019fake,
author = {Julia Rone},
title = {Fake profiles, trolls, and digital paranoia: digital media practices in breaking the Indignados movement},
journal = {Social Movement Studies},
volume = {0},
number = {0},
pages = {1-17},
year  = {2019},
publisher = {Routledge},
doi = {10.1080/14742837.2019.1679108},
URL = {https://doi.org/10.1080/14742837.2019.1679108},
eprint = {https://doi.org/10.1080/14742837.2019.1679108}
}

@book{mueller2019report,
  title={Report on the investigation into Russian interference in the 2016 presidential election},
  author={Mueller, Robert S and Man With A. Cat},
  volume={1},
  year={2019},
  publisher={US Department of Justice Washington, DC},
  url={https://www.hsdl.org/?view&did=824221}
}

@inproceedings{davis2016botornot,
author = {Davis, Clayton Allen and Varol, Onur and Ferrara, Emilio and Flammini, Alessandro and Menczer, Filippo},
title = {BotOrNot: A System to Evaluate Social Bots},
year = {2016},
isbn = {9781450341448},
publisher = {International World Wide Web Conferences Steering Committee},
address = {Republic and Canton of Geneva, CHE},
url = {https://doi.org/10.1145/2872518.2889302},
doi = {10.1145/2872518.2889302},
booktitle = {Proceedings of the 25th International Conference Companion on World Wide Web},
pages = {273–274},
numpages = {2},
keywords = {social bot, social media, sybil account},
location = {Montr\'{e}al, Qu\'{e}bec, Canada},
series = {WWW ’16 Companion}
}
  

@article{howard2017junk,
  title={Junk news and bots during the US election: What were Michigan voters sharing over Twitter},
  author={Howard, Philip N and Bolsover, Gillian and Kollanyi, Bence and Bradshaw, Samantha and Neudert, Lisa-Maria},
  journal={CompProp, OII, Data Memo},
  publisher={The Computational Propaganda Project, Oxford Internet Institute},
  year={2017},
  url={https://comprop.oii.ox.ac.uk/research/working-papers/junk-news-and-bots-during-the-u-s-election-what-were-michigan-voters-sharing-over-twitter/}
}


@article{woolley2017computational,
  title={Computational propaganda in the United States of America: Manufacturing consensus online},
  author={Woolley, Samuel C and Guilbeault, Douglas},
  year={2017},
  journal={CompProp, OII, Working Paper},
  publisher={The Computational Propaganda Project, Oxford Internet Institute},
  url={https://comprop.oii.ox.ac.uk/research/working-papers/computational-propaganda-in-the-united-states-of-america-manufacturing-consensus-online/}
}


@inproceedings{badawy2018analyzing,
  title={Analyzing the digital traces of political manipulation: The 2016 russian interference twitter campaign},
  author={Badawy, Adam and Ferrara, Emilio and Lerman, Kristina},
  booktitle={2018 IEEE/ACM International Conference on Advances in Social Networks Analysis and Mining (ASONAM)},
  pages={258--265},
  year={2018},
  organization={IEEE}
}

@inproceedings{zhang2011detecting,
author={Zhang, Chao Michael and Paxson, Vern},
editor={Spring, Neil and Riley, George F.},
title={Detecting and Analyzing Automated Activity on Twitter},
booktitle={Passive and Active Measurement},
year={2011},
publisher={Springer Berlin Heidelberg},
address={Berlin, Heidelberg},
pages={102--111},
isbn={978-3-642-19260-9}
}


@inproceedings{stringhini2010detecting,
author = {Stringhini, Gianluca and Kruegel, Christopher and Vigna, Giovanni},
title = {Detecting Spammers on Social Networks},
year = {2010},
isbn = {9781450301336},
publisher = {Association for Computing Machinery},
address = {New York, NY, USA},
url = {https://doi.org/10.1145/1920261.1920263},
doi = {10.1145/1920261.1920263},
booktitle = {Proceedings of the 26th Annual Computer Security Applications Conference},
pages = {1–9},
numpages = {9},
location = {Austin, Texas, USA},
series = {ACSAC ’10}
}
  
@article{shao2018spread,
  title={The spread of low-credibility content by social bots},
  author={Shao, Chengcheng and Ciampaglia, Giovanni Luca and Varol, Onur and Yang, Kai-Cheng and Flammini, Alessandro and Menczer, Filippo},
  journal={Nature communications},
  volume={9},
  number={1},
  pages={1--9},
  year={2018},
  publisher={Nature Publishing Group},
  doi={10.1038/s41467-018-06930-7},
  url={https://arxiv.org/abs/1707.07592}
}

@article{stieglitz2013emotions,
  title={Emotions and information diffusion in social media—sentiment of microblogs and sharing behavior},
  author={Stieglitz, Stefan and Dang-Xuan, Linh},
  journal={Journal of management information systems},
  volume={29},
  number={4},
  pages={217--248},
  year={2013},
  publisher={Taylor \& Francis},
  url={https://doi.org/10.2753/MIS0742-1222290408}
}

@article{stella2018bots,
  title={Bots increase exposure to negative and inflammatory content in online social systems},
  author={Stella, Massimo and Ferrara, Emilio and De Domenico, Manlio},
  journal={Proceedings of the National Academy of Sciences},
  volume={115},
  number={49},
  pages={12435--12440},
  year={2018},
  publisher={National Acad Sciences},
  doi = {10.1073/pnas.1803470115}
}


@article{katz1994systems,
Author = {Katz, Michael L. and Shapiro, Carl},
Title = {Systems Competition and Network Effects},
Journal = {Journal of Economic Perspectives},
Volume = {8},
Number = {2},
Year = {1994},
Month = {June},
Pages = {93-115},
DOI = {10.1257/jep.8.2.93},
URL = {https://www.aeaweb.org/articles?id=10.1257/jep.8.2.93}}

@book{pariser2011filter,
  title={The filter bubble: How the new personalized web is changing what we read and how we think},
  author={Pariser, Eli},
  year={2011},
  publisher={Penguin},
  isbn={9781101505724}
}

@article{payne2017welcome,
  title={Welcome to the Polygon: Contested Digital Neighborhoods and Spatialized Segregation on Nextdoor},
  author={Payne, Will},
  journal={Computational Culture},
  number={6},
  year={2017},
  url={http://computationalculture.net/welcome-to-the-polygon-contested-digital-neighborhoods-and-spatialized-segregation-on-nextdoor/}
}

@article{zhou2005discrete,
  title={Discrete hierarchical organization of social group sizes},
  author={Zhou, W-X and Sornette, Didier and Hill, Russell A and Dunbar, Robin IM},
  journal={Proceedings of the Royal Society B: Biological Sciences},
  volume={272},
  number={1561},
  pages={439--444},
  year={2005},
  publisher={The Royal Society},
  doi={10.1098/rspb.2004.2970}
}

@book{herman2010manufacturing,
  title={Manufacturing consent: The political economy of the mass media},
  author={Herman, Edward S and Chomsky, Noam},
  year={1988},
  publisher={Random House},
  isbn={9780394549262}
}

@book{howard2006new,
  title={New media campaigns and the managed citizen},
  author={Howard, Philip N and others},
  year={2006},
  publisher={Cambridge University Press},
  isbn={9780521847490},
  doi={https://doi.org/10.1017/CBO9780511615986}
}

@article{gonzalez2011dynamics,
  title={The dynamics of protest recruitment through an online network},
  author={Gonz{\'a}lez-Bail{\'o}n, Sandra and Borge-Holthoefer, Javier and Rivero, Alejandro and Moreno, Yamir},
  journal={Scientific reports},
  volume={1},
  pages={197},
  year={2011},
  publisher={Nature Publishing Group},
  doi={https://doi.org/10.1038/srep00197}
}

@article{conover2013digital,
  title={The digital evolution of occupy wall street},
  author={Conover, Michael D and Ferrara, Emilio and Menczer, Filippo and Flammini, Alessandro},
  journal={PloS one},
  volume={8},
  number={5},
  pages={e64679},
  year={2013},
  publisher={Public Library of Science},
  month = {05},
  doi = {10.1371/journal.pone.0064679}
}

@inproceedings{varol2014evolution,
author = {Varol, Onur and Ferrara, Emilio and Ogan, Christine L. and Menczer, Filippo and Flammini, Alessandro},
title = {Evolution of Online User Behavior during a Social Upheaval},
year = {2014},
isbn = {9781450326223},
publisher = {Association for Computing Machinery},
address = {New York, NY, USA},
url = {https://doi.org/10.1145/2615569.2615699},
doi = {10.1145/2615569.2615699},
booktitle = {Proceedings of the 2014 ACM Conference on Web Science},
pages = {81–90},
numpages = {10},
keywords = {social media analysis, political mobilization, social protest, online user behavior},
location = {Bloomington, Indiana, USA},
series = {WebSci ’14}
}

@inproceedings{ratkiewicz2011detecting,
  title={Detecting and tracking political abuse in social media},
  author={Ratkiewicz, Jacob and Conover, Michael D and Meiss, Mark and Gon{\c{c}}alves, Bruno and Flammini, Alessandro and Menczer, Filippo Menczer},
  booktitle={In Proceedings of the 5th AAAI International Conference on Weblogs and Social Media (ICWSM’11)},
  year={2011}
}

@inproceedings{conover2011political,
  title={Political polarization on twitter},
  author={Conover, Michael D and Ratkiewicz, Jacob and Francisco, Matthew and Gon{\c{c}}alves, Bruno and Menczer, Filippo and Flammini, Alessandro},
  booktitle={Fifth international AAAI conference on weblogs and social media},
  year={2011},
  url={https://www.semanticscholar.org/paper/Detecting-and-Tracking-Political-Abuse-in-Social-Ratkiewicz-Conover/7e8a5e0a87fab337d71ce04ba02b7a5ded392421}
}

@inproceedings{rashtian2014befriend,
author = {Hootan Rashtian and Yazan Boshmaf and Pooya Jaferian and Konstantin Beznosov},
title = {To Befriend Or Not? A Model of Friend Request Acceptance on Facebook},
booktitle = {10th Symposium On Usable Privacy and Security ({SOUPS} 2014)},
year = {2014},
isbn = {978-1-931971-13-3},
address = {Menlo Park, CA},
pages = {285--300},
url = {https://www.usenix.org/conference/soups2014/proceedings/presentation/rashtian},
publisher = {{USENIX} Association},
month = {July},
}

@article{park2009being,
  title={Being immersed in social networking environment: Facebook groups, uses and gratifications, and social outcomes},
  author={Park, Namsu and Kee, Kerk F and Valenzuela, Sebasti{\'a}n},
  journal={CyberPsychology \& Behavior},
  volume={12},
  number={6},
  pages={729--733},
  year={2009},
  publisher={Mary Ann Liebert, Inc. 140 Huguenot Street, 3rd Floor New Rochelle, NY 10801 USA},
  doi={https://doi.org/10.1089/cpb.2009.0003}
}

@article{box2016internet,
  title={Internet Openness and Fragmentation: Toward Measuring the Economic Effects},
  author={Box, Sarah},
  year={2016},
  publisher={Center for International Governance Innovation and Chatham House},
  url={https://www.cigionline.org/publications/internet-openness-and-fragmentation-toward-measuring-economic-effects}
}

@article{box2016economic,
  title={Economic and social benefits of internet openness},
  author={Box, Sarah and West, Jeremy K},
  year={2016},
  publisher={OECD Digital Economy Series},
  url={https://www.oecd-ilibrary.org/science-and-technology/economic-and-social-benefits-of-internet-openness_5jlwqf2r97g5-en},
  doi={https://doi.org/10.1787/20716826}
}


@article{daigle2015nature,
  title={On the Nature of the Internet},
  author={Daigle, Leslie},
  year={2015},
  url={https://www.cigionline.org/publications/nature-internet},
  publisher={Center for International Governance Innovation and Chatham House}
}

@inproceedings{garimella2018political,
author = {Garimella, Kiran and De Francisci Morales, Gianmarco and Gionis, Aristides and Mathioudakis, Michael},
title = {Political Discourse on Social Media: Echo Chambers, Gatekeepers, and the Price of Bipartisanship},
year = {2018},
isbn = {9781450356398},
publisher = {International World Wide Web Conferences Steering Committee},
address = {Republic and Canton of Geneva, CHE},
url = {https://doi.org/10.1145/3178876.3186139},
doi = {10.1145/3178876.3186139},
booktitle = {Proceedings of the 2018 World Wide Web Conference},
pages = {913–922},
numpages = {10},
keywords = {media bias, filter bubbles, echo chambers, polarization},
location = {Lyon, France},
series = {WWW ’18}
}

@article{knobloch2011reinforcement,
    author = {Knobloch-Westerwick, Silvia and Meng, Jingbo},
    title = "{Reinforcement of the Political Self Through Selective Exposure to Political Messages}",
    journal = {Journal of Communication},
    volume = {61},
    number = {2},
    pages = {349-368},
    year = {2011},
    month = {04},
    issn = {0021-9916},
    doi = {10.1111/j.1460-2466.2011.01543.x},
    url = {https://doi.org/10.1111/j.1460-2466.2011.01543.x},
    eprint = {https://academic.oup.com/joc/article-pdf/61/2/349/22324723/jjnlcom0349.pdf},
}
